%% This BibTeX bibliography file was created using BibDesk.
%% http://bibdesk.sourceforge.net/


%% Created for Dirk Hovy at 2015-02-15 00:00:18 +0100 


%% Saved with string encoding Unicode (UTF-8) 



@inproceedings{hovy2010,
	Address = {Beijing, China},
	Author = {Hovy, Dirk and Tratz, Stephen and Hovy, Eduard},
	Booktitle = {Proc. of Coling},
	Date-Added = {2015-02-14 22:59:21 +0000},
	Date-Modified = {2015-02-14 22:59:21 +0000},
	Keywords = {prepositions, WSD},
	Month = aug,
	Pages = {454--462},
	Publisher = {Coling 2010 Organizing Committee},
	Title = {What's in a Preposition? Dimensions of Sense Disambiguation for an Interesting Word Class},
	Url = {http://www.aclweb.org/anthology/C10-2052},
	Year = {2010},
	Bdsk-Url-1 = {http://www.aclweb.org/anthology/C10-2052}}

@inproceedings{tratz2009,
	Address = {Boulder, Colorado},
	Author = {Tratz, Stephen and Hovy, Dirk},
	Booktitle = {Proc. of Human Language Technologies: The 2009 Annual Conference of the North American Chapter of the Association for Computational Linguistics, Companion Volume: Student Research Workshop and Doctoral Consortium},
	Date-Added = {2015-02-14 22:59:21 +0000},
	Date-Modified = {2015-02-14 22:59:21 +0000},
	Keywords = {prepositions, WSD, WordNet},
	Month = jun,
	Pages = {96--100},
	Title = {{Disambiguation of Preposition Sense Using Linguistically Motivated Features}},
	Url = {http://www.aclweb.org/anthology/N/N09/N09-3017},
	Year = {2009},
	Bdsk-Url-1 = {http://www.aclweb.org/anthology/N/N09/N09-3017}}

@inproceedings{hovy2011a,
	Address = {Portland, Oregon, USA},
	Author = {Hovy, Dirk and Vaswani, Ashish and Tratz, Stephen and Chiang, David and Hovy, Eduard},
	Booktitle = {Proc. of ACL-HLT},
	Date-Added = {2015-02-14 22:57:06 +0000},
	Date-Modified = {2015-02-14 22:57:06 +0000},
	Keywords = {unsupervised learning, semantics},
	Month = {June},
	Pages = {323--328},
	Title = {Models and Training for Unsupervised Preposition Sense Disambiguation},
	Url = {http://www.aclweb.org/anthology/P11-2056},
	Year = {2011},
	Bdsk-Url-1 = {http://www.aclweb.org/anthology/P11-2056}}

@inproceedings{hovy2011b,
	Address = {Portland, Oregon, USA},
	Author = {Hovy, Dirk and Zhang, Chunliang and Hovy, Eduard and Pe\~{n}as, Anselmo},
	Booktitle = {Proc. of ACL-HLT},
	Date-Added = {2015-02-14 22:57:06 +0000},
	Date-Modified = {2015-02-14 22:57:06 +0000},
	Keywords = {unsupervised learning, WSD, prepositions},
	Month = jun,
	Pages = {1466--1475},
	Title = {Unsupervised Discovery of Domain-Specific Knowledge from Text},
	Url = {http://www.aclweb.org/anthology/P11-1147},
	Year = {2011},
	Bdsk-Url-1 = {http://www.aclweb.org/anthology/P11-1147}}

@inproceedings{Hovy:ea:13,
	Author = {Dirk Hovy and Taylor Berg-Kirkpatrick and Ashish Vaswani and Eduard Hovy},
	Booktitle = {Proc. of NAACL},
	Date-Added = {2015-02-14 22:50:46 +0000},
	Date-Modified = {2015-02-14 22:50:46 +0000},
	Title = {Learning whom to trust with {MACE}},
	Year = {2013}}

@inproceedings{Fromreide:ea:14,
	Author = {Hege Fromreide and Dirk Hovy and Anders S{\o}gaard},
	Booktitle = {Proc. of LREC},
	Date-Added = {2015-02-14 22:50:46 +0000},
	Date-Modified = {2015-02-14 22:50:46 +0000},
	Title = {{Crowdsourcing and annotating NER for Twitter \#drift}},
	Year = {2014}}

@inproceedings{hardcases:2014,
	Author = {Plank, Barbara and Hovy, Dirk and S{\o}gaard, Anders},
	Booktitle = {Proc. of ACL},
	Date-Added = {2015-02-14 22:50:46 +0000},
	Date-Modified = {2015-02-14 22:50:46 +0000},
	Title = {Linguistically debatable or just plain wrong?},
	Year = {2014}}

@inproceedings{Hovy:ea:14,
	Author = {Dirk Hovy and Barbara Plank and Anders S{\o}gaard},
	Booktitle = {Proc. of LREC},
	Date-Added = {2015-02-14 22:50:46 +0000},
	Date-Modified = {2015-02-14 22:50:46 +0000},
	Title = {When {POS} datasets don't add up: Combatting sample bias},
	Year = {2014}}

@inproceedings{Hovy:ea:14:acl,
	Author = {Dirk Hovy and Barbara Plank and Anders S{\o}gaard},
	Booktitle = {Proc. of ACL},
	Date-Added = {2015-02-14 22:50:46 +0000},
	Date-Modified = {2015-02-14 22:50:46 +0000},
	Title = {Experiments with crowdsourced re-annotation of a {POS} tagging data set},
	Year = {2014}}


@inproceedings{ye-07,
	Address = {Prague, Czech Republic},
	Author = {Ye, Patrick and Baldwin, Timothy},
	Booktitle = {Proc. of {SemEval}},
	Month = jun,
	Pages = {241--244},
	Title = {{MELB-YB}: {P}reposition sense disambiguation using rich semantic features},
	Year = {2007}}

@inproceedings{tsvetkov-13,
	Address = {Atlanta, Georgia, {USA}},
	Author = {Tsvetkov, Yulia and Mukomel, Elena and Gershman, Anatole},
	Booktitle = {Proc. of the First Workshop on Metaphor in {NLP}},
	Month = jun,
	Pages = {45--51},
	Title = {Cross-lingual metaphor detection using common semantic features},
	Year = {2013}}

@inproceedings{tratz-10,
	Address = {Uppsala, Sweden},
	Author = {Tratz, Stephen and Hovy, Eduard},
	Booktitle = {Proc. of {SemEval}},
	Month = jul,
	Pages = {222--225},
	Title = {{ISI}: {A}utomatic classification of relations between nominals using a maximum entropy classifier},
	Year = {2010}}

@inproceedings{semcor,
	Author = {Miller, George A. and Chodorow, Martin and Landes, Shari and Leacock, Claudia and Thomas, Robert G.},
	Booktitle = {Proceedings of the workshop on Human Language Technology},
	Date-Added = {2014-09-13 14:42:00 +0000},
	Date-Modified = {2014-09-13 14:42:05 +0000},
	Organization = {Association for Computational Linguistics},
	Pages = {240--243},
	Title = {Using a semantic concordance for sense identification},
	Year = {1994}}

@inproceedings{plank-14,
	address = {Gothenburg, Sweden},
	title = {Learning part-of-speech taggers with inter-annotator agreement loss},
	booktitle = {Proc. of {EACL}},
	author = {Plank, Barbara and Hovy, Dirk and S{\o}gaard, Anders},
	month = apr,
	year = {2014},
	pages = {742--751}
}

@inproceedings{attardi-10,
	Address = {Valletta, Malta},
	Author = {Attardi, Giuseppe and Rossi, Stefano Dei and Pietro, Giulia Di and Lenci, Alessandro and Montemagni, Simonetta and Simi, Maria},
	Booktitle = {Proc. of {LREC}},
	Editor = {Calzolari, Nicoletta and Choukri, Khalid and Maegaard, Bente and Mariani, Joseph and Odijk, Jan and Piperidis, Stelios and Rosner, Mike and Tapias, Daniel},
	Month = may,
	Title = {A resource and tool for super-sense tagging of {I}talian texts},
	Year = {2010}}

@inproceedings{tsvetkov-14,
	Address = {Reykjav\'{i}k, Iceland},
	Author = {Tsvetkov, Yulia and Schneider, Nathan and Hovy, Dirk and Bhatia, Archna and Faruqui, Manaal and Dyer, Chris},
	Booktitle = {Proc. of {LREC}},
	Editor = {Calzolari, Nicoletta and Choukri, Khalid and Declerck, Thierry and Loftsson, Hrafn and Maegaard, Bente and Mariani, Joseph and Moreno, Asuncion and Odijk, Jan and Piperidis, Stelios},
	Month = may,
	Pages = {4359--4365},
	Title = {Augmenting {E}nglish adjective senses with supersenses},
	Year = {2014}}

@inproceedings{picca-09,
	Address = {Suntec, Singapore},
	Author = {Picca, Davide and Gliozzo, Alfio Massimiliano and Campora, Simone},
	Booktitle = {Proc. of {NEWS}},
	Month = aug,
	Pages = {136--142},
	Title = {Bridging languages by {SuperSense} entity tagging},
	Year = {2009}}

@inproceedings{ciaramita-06,
	Address = {Sydney, Australia},
	Author = {Ciaramita, Massimiliano and Altun, Yasemin},
	Booktitle = {Proc. of {EMNLP}},
	Month = jul,
	Pages = {594--602},
	Title = {Broad-coverage sense disambiguation and information extraction with a supersense sequence tagger},
	Year = {2006}}

@inproceedings{schneider-12,
	Address = {Jeju Island, Korea},
	Author = {Schneider, Nathan and Mohit, Behrang and Oflazer, Kemal and Smith, Noah A.},
	Booktitle = {Proc. of {ACL}},
	Month = jul,
	Pages = {253--258},
	Title = {Coarse lexical semantic annotation with supersenses: an {A}rabic case study},
	Year = {2012}}

@incollection{qiu-11,
	Address = {Berlin},
	Author = {Qiu, Likun and Wu, Yunfang and Shao, Yanqiu and Gelbukh, Alexander},
	Booktitle = {Computational Linguistics and Intelligent Text Processing: Proceedings of the 12th International Conference ({CICLing'11})},
	Pages = {15--28},
	Publisher = {Springer},
	Series = {Lecture Notes in Computer Science},
	Title = {Combining contextual and structural information for supersense tagging of {C}hinese unknown words},
	Volume = {6608},
	Year = {2011}}

@incollection{rossi-13,
	Author = {Rossi, Stefano Dei and Pietro, Giulia Di and Simi, Maria},
	Booktitle = {Evaluation of Natural Language and Speech Tools for Italian},
	Editor = {Magnini, Bernardo and Cutugno, Francesco and Falcone, Mauro and Pianta, Emanuele},
	Month = jan,
	Number = {7689},
	Pages = {166--175},
	Publisher = {Springer Berlin Heidelberg},
	Series = {Lecture Notes in Computer Science},
	Title = {Description and results of the {SuperSense} tagging task},
	Year = {2013}}

@inproceedings{niemann-98,
	Address = {Melbourne, Australia},
	Author = {Niemann, Michael},
	Booktitle = {Abstracts for the {ANLP} Post Graduate Workshop},
	Editor = {Estival, Dominique},
	Month = jan,
	Pages = {25--32},
	Title = {Determining {PP} attachment through semantic associations and preferences},
	Year = {1998}}

@inproceedings{siegel-98,
	Address = {Montr\'{e}al, Canada},
	Author = {Siegel, Eric V.},
	Booktitle = {Procedings of the {COLING-ACL} '98 Workshop on the Usage of {WordNet} in Natural Language Processing Systems},
	Month = aug,
	Pages = {9--15},
	Title = {Disambiguating verbs with the {WordNet} category of the direct object},
	Year = {1998}}

@article{fellbaum-90,
	Author = {Fellbaum, Christiane},
	Journal = {International Journal of Lexicography},
	Month = dec,
	Number = {4},
	Pages = {278--301},
	Title = {English verbs as a semantic net},
	Volume = {3},
	Year = {1990}}

@inproceedings{paas-09,
	Address = {Sparks, Nevada},
	Author = {Paa{\ss}, Gerhard and Reichartz, Frank},
	Booktitle = {Proc. of the Ninth {SIAM} International Conference on Data Mining},
	Month = may,
	Pages = {485--496},
	Title = {Exploiting semantic constraints for estimating supersenses with {CRFs}},
	Year = {2009}}

@techreport{miller-90,
	Address = {Princeton, {NJ}},
	Author = {Miller, George A. and Beckwith, Richard and Fellbaum, Christiane and Gross, Derek and Miller, Katherine},
	Institution = {Princeton University},
	Month = jul,
	Number = {43},
	Title = {Five {P}apers on {WordNet}},
	Year = {1990}}

@incollection{coppola-09,
	Author = {Coppola, Bonaventura and Gangemi, Aldo and Gliozzo, Alfio and Picca, Davide and Presutti, Valentina},
	Booktitle = {The Semantic Web: Research and Applications},
	Editor = {Aroyo, Lora and Traverso, Paolo and Ciravegna, Fabio and Cimiano, Philipp and Heath, Tom and Hyv\"{o}nen, Eero and Mizoguchi, Riichiro and Oren, Eyal and Sabou, Marta and Simperl, Elena},
	Month = jan,
	Number = {5554},
	Pages = {126--142},
	Publisher = {Springer Berlin Heidelberg},
	Series = {Lecture Notes in Computer Science},
	Title = {Frame detection over the semantic web},
	Year = {2009}}

@inproceedings{grave-13,
	Address = {Sofia, Bulgaria},
	Author = {Grave, Edouard and Obozinski, Guillaume and Bach, Francis},
	Booktitle = {Proc. of {CoNLL}},
	Month = aug,
	Pages = {94--103},
	Title = {Hidden {M}arkov tree models for semantic class induction},
	Year = {2013}}

@inproceedings{koo-05,
	Address = {Vancouver, British Columbia, Canada},
	Author = {Koo, Terry and Collins, Michael},
	Booktitle = {Proc. of {HLT}/{EMNLP}},
	Month = oct,
	Pages = {507--514},
	Title = {Hidden-variable models for discriminative reranking},
	Year = {2005}}

@inproceedings{agirre-11,
	Address = {Portland, Oregon, {USA}},
	Author = {Agirre, Eneko and Bengoetxea, Kepa and Gojenola, Koldo and Nivre, Joakim},
	Booktitle = {Proc. of {ACL-HLT}},
	Month = jun,
	Pages = {699--703},
	Title = {Improving dependency parsing with semantic classes},
	Year = {2011}}

@inproceedings{agirre-08,
	Address = {Columbus, Ohio},
	Author = {Agirre, Eneko and Baldwin, Timothy and Martinez, David},
	Booktitle = {Proc. of {ACL-HLT}},
	Month = jun,
	Pages = {317--325},
	Title = {Improving parsing and {PP} attachment performance with sense information},
	Year = {2008}}

@inproceedings{johannsen-14,
	Address = {Dublin, Ireland},
	Author = {Johannsen, Anders and Hovy, Dirk and Mart\'{i}nez Alonso, H\'{e}ctor and Plank, Barbara and S{\o}gaard, Anders},
	Booktitle = {Proc. of *{SEM}},
	Month = aug,
	Pages = {1--11},
	Title = {More or less supervised supersense tagging of {T}witter},
	Year = {2014}}

@inproceedings{bick-06,
	Address = {Prague, Czech Republic},
	Author = {Bick, Eckhard},
	Booktitle = {Proc. of {TLT}},
	Month = dec,
	Pages = {127--138},
	Title = {Noun sense tagging: semantic prototype annotation of a {P}ortuguese treebank},
	Year = {2006}}

@article{miller-90-1,
	Author = {Miller, George A.},
	Journal = {International Journal of Lexicography},
	Month = dec,
	Number = {4},
	Pages = {245--264},
	Title = {Nouns in {WordNet}: a lexical inheritance system},
	Volume = {3},
	Year = {1990}}

@inproceedings{atserias-08,
	Address = {Marrakech, Morocco},
	Author = {Atserias, Jordi and Zaragoza, Hugo and Ciaramita, Massimiliano and Attardi, Giuseppe},
	Booktitle = {Proc. of {LREC}},
	Editor = {Calzolari, Nicoletta and Choukri, Khalid and Maegaard, Bente and Mariani, Joseph and Odjik, Jan and Piperidis, Stelios and Tapias, Daniel},
	Month = may,
	Pages = {2313--2316},
	Title = {Semantically annotated snapshot of the {E}nglish {W}ikipedia},
	Year = {2008}}

@inproceedings{picca-08,
	Address = {Marrakech, Morocco},
	Author = {Picca, Davide and Gliozzo, Alfio Massimiliano and Ciaramita, Massimiliano},
	Booktitle = {Proc. of {LREC}},
	Editor = {Calzolari, Nicoletta and Choukri, Khalid and Maegaard, Bente and Mariani, Joseph and Odjik, Jan and Piperidis, Stelios and Tapias, Daniel},
	Month = may,
	Pages = {2386--2390},
	Title = {Supersense {T}agger for {I}talian},
	Year = {2008}}

@inproceedings{schneider-13,
	Address = {Atlanta, Georgia, {USA}},
	Author = {Schneider, Nathan and Mohit, Behrang and Dyer, Chris and Oflazer, Kemal and Smith, Noah A.},
	Booktitle = {Proc. of {NAACL-HLT}},
	Month = jun,
	Pages = {661--667},
	Title = {Supersense tagging for {A}rabic: the {MT-in-the-middle} attack},
	Year = {2013}}

@inproceedings{ciaramita-03,
	Address = {Sapporo, Japan},
	Author = {Ciaramita, Massimiliano and Johnson, Mark},
	Booktitle = {Proc. of {EMNLP}},
	Editor = {Collins, Michael and Steedman, Mark},
	Month = jul,
	Pages = {168--175},
	Title = {Supersense tagging of unknown nouns in {WordNet}},
	Year = {2003}}

@inproceedings{curran-05,
	Address = {Ann Arbor, Michigan},
	Author = {Curran, James R.},
	Booktitle = {Proc. of {ACL}},
	Month = jun,
	Pages = {26--33},
	Title = {Supersense tagging of unknown nouns using semantic similarity},
	Year = {2005}}

@incollection{attardi-13,
	Author = {Attardi, Giuseppe and Baronti, Luca and Rossi, Stefano Dei and Simi, Maria},
	Booktitle = {Evaluation of Natural Language and Speech Tools for Italian},
	Editor = {Magnini, Bernardo and Cutugno, Francesco and Falcone, Mauro and Pianta, Emanuele},
	Month = jan,
	Number = {7689},
	Pages = {186--194},
	Publisher = {Springer Berlin Heidelberg},
	Series = {Lecture Notes in Computer Science},
	Title = {{SuperSense} {T}agging with a {M}aximum {E}ntropy {M}arkov {M}odel},
	Year = {2013}}

@inproceedings{racz-14,
	Address = {Reykjav\'{i}k, Iceland},
	Author = {R\'{a}cz, Anita and Nagy T., Istv\'{a}n and Vincze, Veronika},
	Booktitle = {Proc. of {LREC}},
	Editor = {Calzolari, Nicoletta and Choukri, Khalid and Declerck, Thierry and Loftsson, Hrafn and Maegaard, Bente and Mariani, Joseph and Moreno, Asuncion and Odijk, Jan and Piperidis, Stelios},
	Month = may,
	Pages = {710--715},
	Title = {{4FX}: {L}ight verb constructions in a multilingual parallel corpus},
	Year = {2014}}

@inproceedings{ramisch-12,
	Address = {Jeju Island, Korea},
	Author = {Ramisch, Carlos and De Araujo, Vitor and Villavicencio, Aline},
	Booktitle = {Proc. of {ACL} 2012 Student Research Workshop},
	Month = jul,
	Pages = {1--6},
	Title = {A broad evaluation of techniques for automatic acquisition of multiword expressions},
	Year = {2012}}

@incollection{frenchtb,
	Address = {Dordrecht, The Netherlands},
	Author = {Abeill\'{e}, Anne and Cl\'{e}ment, Lionel and Toussenel, Fran\c{c}ois},
	Booktitle = {Treebanks},
	Editor = {Abeill\'{e}, Anne and Ide, Nancy},
	Pages = {165--187},
	Publisher = {Kluwer Academic Publishers},
	Series = {Text, Speech and Language Technology},
	Title = {Building a treebank for {F}rench},
	Volume = {20},
	Year = {2003}}

@inproceedings{vincze-13,
	Address = {Nagoya, Japan},
	Author = {Vincze, Veronika and Zsibrita, J\'{a}nos and Nagy T., Istv\'{a}n},
	Booktitle = {Proc. of the Sixth International Joint Conference on Natural Language Processing},
	Month = oct,
	Pages = {207--215},
	Title = {Dependency parsing for identifying {H}ungarian light verb constructions},
	Year = {2013}}

@inproceedings{vincze-11,
	Address = {Portland, Oregon, {USA}},
	Author = {Vincze, Veronika and Nagy T., Istv\'{a}n and Berend, G\'{a}bor},
	Booktitle = {Proc. of the Workshop on Multiword Expressions: from Parsing and Generation to the Real World},
	Month = jun,
	Pages = {116--121},
	Title = {Detecting noun compounds and light verb constructions: a contrastive study},
	Year = {2011}}

@inproceedings{constant-12,
	Address = {Jeju Island, Korea},
	Author = {Constant, Matthieu and Sigogne, Anthony and Watrin, Patrick},
	Booktitle = {Proc. of {ACL}},
	Month = jul,
	Pages = {204--212},
	Title = {Discriminative strategies to integrate multiword expression recognition and parsing},
	Year = {2012}}

@article{vincze-13-1,
	Author = {Vincze, Veronika and Nagy T., Istv\'{a}n and Zsibrita, J\'{a}nos},
	Journal = {{ACM} Transactions on Speech and Language Processing},
	Month = jun,
	Number = {2},
	Pages = {6:1--6:25},
	Title = {Learning to detect {E}nglish and {H}ungarian light verb constructions},
	Volume = {10},
	Year = {2013}}

@article{pecina-10,
	Author = {Pecina, Pavel},
	Journal = {Language Resources and Evaluation},
	Number = {1},
	Pages = {137--158},
	Title = {Lexical association measures and collocation extraction},
	Volume = {44},
	Year = {2010}}

@inproceedings{vincze-12,
	Address = {Istanbul, Turkey},
	Author = {Vincze, Veronika},
	Booktitle = {Proc. of {LREC}},
	Editor = {Calzolari, Nicoletta and Choukri, Khalid and Declerck, Thierry and Do\u{g}an, Mehmet U\u{g}ur and Maegaard, Bente and Mariani, Joseph and Odijk, Jan and Piperidis, Stelios},
	Month = may,
	Title = {Light verb constructions in the {SzegedParalellFX} {English-Hungarian} parallel corpus},
	Year = {2012}}

@incollection{baldwin-10,
	Address = {Boca Raton, {FL}},
	Author = {Baldwin, Timothy and Kim, Su Nam},
	Booktitle = {Handbook of Natural Language Processing, Second Edition},
	Editor = {Indurkhya, Nitin and Damerau, Fred J.},
	Publisher = {{CRC} Press, Taylor and Francis Group},
	Title = {Multiword expressions},
	Year = {2010}}

@inproceedings{ghoneim-13,
	Address = {Nagoya, Japan},
	Author = {Ghoneim, Mahmoud and Diab, Mona},
	Booktitle = {Proc. of {IJCNLP}},
	Month = oct,
	Pages = {1181--1187},
	Title = {Multiword expressions in the context of statistical machine translation},
	Year = {2013}}

@inproceedings{constant-11,
	Address = {Portland, Oregon, {USA}},
	Author = {Constant, Matthieu and Sigogne, Anthony},
	Booktitle = {Proc. of the Workshop on Multiword Expressions: from Parsing and Generation to the Real World},
	Month = jun,
	Pages = {49--56},
	Title = {{MWU-aware} part-of-speech tagging with a {CRF} model and lexical resources},
	Year = {2011}}

@article{green-12,
	Author = {Green, Spence and de Marneffe, {Marie-Catherine} and Manning, Christopher D.},
	Journal = {Computational Linguistics},
	Month = nov,
	Number = {1},
	Pages = {195--227},
	Title = {Parsing models for identifying multiword expressions},
	Volume = {39},
	Year = {2012}}

@inproceedings{candito-14,
	Address = {Baltimore, Maryland, {USA}},
	Author = {Candito, Marie and Constant, Matthieu},
	Booktitle = {Proc. of {ACL}},
	Month = jun,
	Pages = {743--753},
	Title = {Strategies for contiguous multiword expression analysis and dependency parsing},
	Year = {2014}}

@inproceedings{le_roux-14,
	Address = {Dublin, Ireland},
	Author = {Le Roux, Joseph and Constant, Matthieu and Rozenknop, Antoine},
	Booktitle = {Proc. of {COLING}},
	Month = aug,
	Pages = {1875--1885},
	Title = {Syntactic parsing and compound recognition via dual decomposition: application to {F}rench},
	Year = {2014}}

@inproceedings{carpuat-10,
	Address = {Los Angeles, California},
	Author = {Carpuat, Marine and Diab, Mona},
	Booktitle = {Proc. of {NAACL-HLT}},
	Month = jun,
	Pages = {242--245},
	Title = {Task-based evaluation of multiword expressions: a pilot study in statistical machine translation},
	Year = {2010}}

@inproceedings{brooke-14,
	Address = {Dublin, Ireland},
	Author = {Brooke, Julian and Tsang, Vivian and Hirst, Graeme and Shein, Fraser},
	Booktitle = {Proc. of {COLING}},
	Month = aug,
	Pages = {753--761},
	Title = {Unsupervised multiword segmentation of large corpora using prediction-driven decomposition of n-grams},
	Year = {2014}}

@inproceedings{diab-09,
	Address = {Suntec, Singapore},
	Author = {Diab, Mona and Bhutada, Pravin},
	Booktitle = {Proc. of {MWE}},
	Month = aug,
	Pages = {17--22},
	Title = {Verb noun construction {MWE} token classification},
	Year = {2009}}

@techreport{ewtb,
	Address = {Philadelphia, {PA}},
	Author = {Bies, Ann and Mott, Justin and Warner, Colin and Kulick, Seth},
	Institution = {Linguistic Data Consortium},
	Number = {{LDC2012T13}},
	Title = {English {W}eb {T}reebank},
	Url = {http://www.ldc.upenn.edu/Catalog/catalogEntry.jsp?catalogId=LDC2012T13},
	Year = {2012},
	Bdsk-Url-1 = {http://www.ldc.upenn.edu/Catalog/catalogEntry.jsp?catalogId=LDC2012T13}}

@inproceedings{schneider-14-corpus,
	Address = {Reykjav\'{i}k, Iceland},
	Author = {Schneider, Nathan and Onuffer, Spencer and Kazour, Nora and Danchik, Emily and Mordowanec, Michael T. and Conrad, Henrietta and Smith, Noah A.},
	Booktitle = {Proc. of {LREC}},
	Editor = {Calzolari, Nicoletta and Choukri, Khalid and Declerck, Thierry and Loftsson, Hrafn and Maegaard, Bente and Mariani, Joseph and Moreno, Asuncion and Odijk, Jan and Piperidis, Stelios},
	Month = may,
	Pages = {455--461},
	Title = {Comprehensive annotation of multiword expressions in a social web corpus},
	Year = {2014}}

@article{schneider-14,
	Author = {Schneider, Nathan and Danchik, Emily and Dyer, Chris and Smith, Noah A.},
	Journal = {Transactions of the Association for Computational Linguistics},
	Month = apr,
	Pages = {193--206},
	Title = {Discriminative lexical semantic segmentation with gaps: running the {MWE} gamut},
	Volume = {2},
	Year = {2014}}

@inproceedings{vilain-95,
	Address = {Columbia, Maryland, {USA}},
	Author = {Vilain, Marc and Burger, John and Aberdeen, John and Connolly, Dennis and Hirschman, Lynette},
	Booktitle = {Proc. of {MUC-6}},
	Month = nov,
	Pages = {45--52},
	Title = {A model-theoretic coreference scoring scheme},
	Year = {1995}}

@article{brown-92,
	Author = {Brown, Peter F. and {deSouza}, Peter V. and Mercer, Robert L. and Pietra, Vincent J. Della and Lai, Jenifer C.},
	Journal = {Computational Linguistics},
	Month = dec,
	Number = {4},
	Pages = {467--479},
	Title = {Class-based n-gram models of natural language},
	Volume = {18},
	Year = {1992}}

@inproceedings{collins-02,
	Address = {Philadelphia, {PA}, {USA}},
	Author = {Collins, Michael},
	Booktitle = {Proc. of {EMNLP}},
	Month = jul,
	Pages = {1--8},
	Title = {Discriminative training methods for {H}idden {M}arkov {M}odels: theory and experiments with perceptron algorithms},
	Year = {2002}}

@book{wordnet,
	Address = {Cambridge, {MA}},
	Editor = {Fellbaum, Christiane},
	Publisher = {{MIT} Press},
	Title = {{WordNet}: an electronic lexical database},
	Year = {1998}}

@inproceedings{ramshaw-95,
	Address = {Cambridge, {MA}},
	Author = {Ramshaw, Lance A. and Marcus, Mitchell P.},
	Booktitle = {Proc. of the Third {ACL} Workshop on Very Large Corpora},
	Month = jun,
	Pages = {82--94},
	Title = {Text chunking using transformation-based learning},
	Year = {1995}}

@incollection{resnik-06,
	Address = {Dordrecht, The Netherlands},
	Author = {Resnik, Philip},
	Booktitle = {Word Sense Disambiguation: Algorithms and Applications},
	Editor = {Agirre, Eneko and Edmonds, Philip},
	Pages = {299--337},
	Publisher = {Springer},
	Series = {Text, Speech and Language Technology},
	Title = {{WSD} in {NLP} applications},
	Volume = {33},
	Year = {2006}}

@inproceedings{carpuat-05,
	Address = {Ann Arbor, Michigan},
	Author = {Carpuat, Marine and Wu, Dekai},
	Booktitle = {Proc. of {ACL}},
	Month = jun,
	Pages = {387--394},
	Title = {Word sense disambiguation vs. statistical machine translation},
	Year = {2005}}

@inproceedings{chan-07,
	Address = {Prague, Czech Republic},
	Author = {Chan, Yee Seng and Ng, Hwee Tou and Chiang, David},
	Booktitle = {Proc. of {ACL}},
	Month = jun,
	Pages = {33--40},
	Title = {Word sense disambiguation improves statistical machine translation},
	Year = {2007}}

@inproceedings{carpuat-07,
	Address = {Prague, Czech Republic},
	Author = {Carpuat, Marine and Wu, Dekai},
	Booktitle = {Proc. of {EMNLP-CoNLL}},
	Month = jun,
	Pages = {61--72},
	Title = {Improving statistical machine translation using word sense disambiguation},
	Year = {2007}}


@article{irvine-13,
	title = {Measuring machine translation errors in new domains},
	volume = {1},
	journal = {Transactions of the Association for Computational Linguistics},
	author = {Irvine, Ann and Morgan, John and Carpuat, Marine and Daum\'{e} {III}, Hal and Munteanu, Dragos},
	month = oct,
	year = {2013},
	pages = {429--440}
},

@inproceedings{carpuat-13a,
	address = {Sofia, Bulgaria},
	title = {{SenseSpotting}: {N}ever let your parallel data tie you to an old domain},
	booktitle = {Proc. of {ACL}},
	author = {Carpuat, Marine and Daum\'{e} {III}, Hal and Henry, Katharine and Irvine, Ann and Jagarlamudi, Jagadeesh and Rudinger, Rachel},
	month = aug,
	year = {2013},
	pages = {1435--1445}
},

@inproceedings{carpuat-13b,
	address = {Atlanta, Georgia, {USA}},
	title = {A semantic evaluation of machine translation lexical choice},
	booktitle = {Proc. of the Seventh Workshop on Syntax, Semantics and Structure in Statistical Translation},
	author = {Carpuat, Marine},
	month = jun,
	year = {2013},
	pages = {1--10}
}


@inproceedings{carpuat-semeval13,
	address = {Atlanta, Georgia, {USA}},
	title = {{NRC}: a machine translation approach to cross-lingual word sense disambiguation ({SemEval-2013} {T}ask 10)},
	booktitle = {Proc. of {SemEval}},
	author = {Carpuat, Marine},
	month = jun,
	year = {2013},
	pages = {188--192}
},

@inproceedings{goutte-14,
	address = {Dublin, Ireland},
	title = {{CNRC-TMT}: second language writing assistant system description},
	booktitle = {Proc. of {SemEval}},
	author = {Goutte, Cyril and Simard, Michel and Carpuat, Marine},
	month = aug,
	year = {2014},
	pages = {192--197}
}

@inproceedings{lefever-10,
	Address = {Uppsala, Sweden},
	Author = {Lefever, Els and Hoste, V\'{e}ronique},
	Booktitle = {Proc. of {SemEval}},
	Month = jul,
	Pages = {15--20},
	Title = {{SemEval-2010} {T}ask 3: {Cross-Lingual} {W}ord {S}ense {D}isambiguation},
	Year = {2010}}

@phdthesis{schneider-thesis,
	Address = {Pittsburgh, Pennsylvania, {USA}},
	Author = {Schneider, Nathan},
	Month = sep,
	School = {Carnegie Mellon University},
	Title = {Lexical {S}emantic {A}nalysis in {N}atural {L}anguage {T}ext},
	Type = {{Ph.D.} dissertation},
	Url = {http://www.cs.cmu.edu/~nschneid/thesis/thesis-print.pdf},
	Year = {2014},
	Bdsk-Url-1 = {http://www.cs.cmu.edu/~nschneid/thesis/thesis-print.pdf}}

@article{das-14,
	Author = {Das, Dipanjan and Chen, Desai and Martins, Andr\'{e} F. T. and Schneider, Nathan and Smith, Noah A.},
	Journal = {Computational Linguistics},
	Month = mar,
	Number = {1},
	Pages = {9--56},
	Title = {Frame-semantic parsing},
	Volume = {40},
	Year = {2014}}

@inproceedings{kong-14,
	Address = {Doha, Qatar},
	Author = {Kong, Lingpeng and Schneider, Nathan and Swayamdipta, Swabha and Bhatia, Archna and Dyer, Chris and Smith, Noah A.},
	Booktitle = {Proc. of {EMNLP}},
	Month = oct,
	Pages = {1001--1012},
	Title = {A dependency parser for tweets},
	Year = {2014}}

@inproceedings{schneider-13-fudg,
	Address = {Sofia, Bulgaria},
	Author = {Schneider, Nathan and {O'Connor}, Brendan and Saphra, Naomi and Bamman, David and Faruqui, Manaal and Smith, Noah A. and Dyer, Chris and Baldridge, Jason},
	Booktitle = {Proc. of the 7th Linguistic Annotation Workshop and Interoperability with Discourse},
	Month = aug,
	Pages = {51--60},
	Title = {A framework for (under)specifying dependency syntax without overloading annotators},
	Year = {2013}}

@inproceedings{amr,
	Address = {Sofia, Bulgaria},
	Author = {Banarescu, Laura and Bonial, Claire and Cai, Shu and Georgescu, Madalina and Griffitt, Kira and Hermjakob, Ulf and Knight, Kevin and Koehn, Philipp and Palmer, Martha and Schneider, Nathan},
	Booktitle = {Proc. of the 7th Linguistic Annotation Workshop and Interoperability with Discourse},
	Month = aug,
	Pages = {178--186},
	Title = {Abstract {M}eaning {R}epresentation for sembanking},
	Year = {2013}}

@inproceedings{owoputi-13,
	Address = {Atlanta, Georgia, {USA}},
	Author = {Owoputi, Olutobi and {O'Connor}, Brendan and Dyer, Chris and Gimpel, Kevin and Schneider, Nathan and Smith, Noah A.},
	Booktitle = {Proc. of {NAACL-HLT}},
	Month = jun,
	Pages = {380--390},
	Title = {Improved part-of-speech tagging for online conversational text with word clusters},
	Year = {2013}}

@inproceedings{gimpel-11,
	Address = {Portland, Oregon, {USA}},
	Author = {Gimpel, Kevin and Schneider, Nathan and {O'Connor}, Brendan and Das, Dipanjan and Mills, Daniel and Eisenstein, Jacob and Heilman, Michael and Yogatama, Dani and Flanigan, Jeffrey and Smith, Noah A.},
	Booktitle = {Proc. of {ACL-HLT}},
	Month = jun,
	Pages = {42--47},
	Title = {Part-of-speech tagging for {T}witter: annotation, features, and experiments},
	Year = {2011}}

@inproceedings{mohit-12,
	Address = {Avignon, France},
	Author = {Mohit, Behrang and Schneider, Nathan and Bhowmick, Rishav and Oflazer, Kemal and Smith, Noah A.},
	Booktitle = {Proc. of {EACL}},
	Month = apr,
	Pages = {162--173},
	Title = {Recall-oriented learning of named entities in {A}rabic {W}ikipedia},
	Year = {2012}}

@inproceedings{thomson-14,
	Address = {Dublin, Ireland},
	Author = {Thomson, Sam and {O'Connor}, Brendan and Flanigan, Jeffrey and Bamman, David and Dodge, Jesse and Swayamdipta, Swabha and Schneider, Nathan and Dyer, Chris and Smith, Noah A.},
	Booktitle = {Proc. of {SemEval}},
	Month = aug,
	Pages = {176--180},
	Title = {{CMU}: arc-factored, discriminative semantic dependency parsing},
	Year = {2014}}

@inproceedings{chen-10,
	Address = {Uppsala, Sweden},
	Author = {Chen, Desai and Schneider, Nathan and Das, Dipanjan and Smith, Noah A.},
	Booktitle = {Proc. of {SemEval}},
	Month = jul,
	Pages = {264--267},
	Title = {{SEMAFOR}: frame argument resolution with log-linear models},
	Year = {2010}}

@book{nltk,
	Address = {Sebastopol, {CA}},
	Author = {Bird, Steven and Klein, Ewan and Loper, Edward},
	Month = jun,
	Publisher = {{O'Reilly} Media, Inc.},
	Title = {Natural {L}anguage {P}rocessing with {P}ython: {A}nalyzing {T}ext with the {N}atural {L}anguage {T}oolkit},
	Year = {2009}}

@inproceedings{Hovy:2014well,
  title={How Well can We Learn Interpretable Entity Types from Text?},
  author={Hovy, Dirk},
  booktitle={Proc. of ACL},
  year={2014}
}

@incollection{sogaard-10,
	address = {Berlin},
	series = {Lecture Notes in Computer Science},
	title = {Robust semi-supervised and ensemble-based methods in word sense disambiguation},
	number = {6233},
	booktitle = {Advances in Natural Language Processing: Proceedings of 7th International Conference on {NLP}, {IceTAL} 2010, Reykjav\'{i}k, Iceland, August 16-18, 2010},
	publisher = {Springer},
	author = {S{\o}gaard, Anders and Johannsen, Anders},
	editor = {Loftsson, Hrafn and R\"{o}gnvaldsson, Eir\'{i}kur and Helgad\'{o}ttir, Sigr\'{u}n},
	year = {2010},
	pages = {401--405}
}

@inproceedings{ritter-11,
	address = {Edinburgh, Scotland, {UK}},
	title = {Named entity recognition in tweets: an experimental study},
	booktitle = {Proc. of {EMNLP}},
	author = {Ritter, Alan and Clark, Sam and {Mausam} and Etzioni, Oren},
	month = jul,
	year = {2011},
	pages = {1524--1534}
}
